
@ARTICLE{2016ApJS..223...20K,
   author = {{Kuminski}, E. and {Shamir}, L.},
    title = "{A Computer-generated Visual Morphology Catalog of \~{}3,000,000 SDSS Galaxies}",
  journal = {\apjs},
archivePrefix = "arXiv",
   eprint = {1602.06854},
 keywords = {catalogs, methods: data analysis, techniques: image processing},
     year = 2016,
    month = apr,
   volume = 223,
      eid = {20},
    pages = {20},
      doi = {10.3847/0067-0049/223/2/20},
   adsurl = {http://adsabs.harvard.edu/abs/2016ApJS..223...20K},
  adsnote = {Provided by the SAO/NASA Astrophysics Data System}
}

@ARTICLE{2015MNRAS.450.1441D,
   author = {{Dieleman}, S. and {Willett}, K.~W. and {Dambre}, J.},
    title = "{Rotation-invariant convolutional neural networks for galaxy morphology prediction}",
  journal = {\mnras},
archivePrefix = "arXiv",
   eprint = {1503.07077},
 primaryClass = "astro-ph.IM",
 keywords = {methods: data analysis, techniques: image processing, catalogues, galaxies: general},
     year = 2015,
    month = jun,
   volume = 450,
    pages = {1441-1459},
      doi = {10.1093/mnras/stv632},
   adsurl = {http://adsabs.harvard.edu/abs/2015MNRAS.450.1441D},
  adsnote = {Provided by the SAO/NASA Astrophysics Data System}
}

@ARTICLE{2008MNRAS.389.1179L,
   author = {{Lintott}, C.~J. and {Schawinski}, K. and {Slosar}, A. and {Land}, K. and 
	{Bamford}, S. and {Thomas}, D. and {Raddick}, M.~J. and {Nichol}, R.~C. and 
	{Szalay}, A. and {Andreescu}, D. and {Murray}, P. and {Vandenberg}, J.
	},
    title = "{Galaxy Zoo: morphologies derived from visual inspection of galaxies from the Sloan Digital Sky Survey}",
  journal = {\mnras},
archivePrefix = "arXiv",
   eprint = {0804.4483},
 keywords = {methods: data analysis , galaxies: elliptical and lenticular, cD , galaxies: general , galaxies: spiral},
     year = 2008,
    month = sep,
   volume = 389,
    pages = {1179-1189},
      doi = {10.1111/j.1365-2966.2008.13689.x},
   adsurl = {http://adsabs.harvard.edu/abs/2008MNRAS.389.1179L},
  adsnote = {Provided by the SAO/NASA Astrophysics Data System}
}



